@book{michalewicz2013solve,
  title={{How to Solve It: Modern Heuristics}},
  author={Michalewicz, Zbigniew and Fogel, David B},
  year={2013},
  publisher={Springer Science \& Business Media}
}
@article{hellwig2019benchmarking,
  title={{Benchmarking evolutionary algorithms for single objective real-valued constrained optimization--a critical review}},
  author={Hellwig, Michael and Beyer, Hans-Georg},
  journal={Swarm and evolutionary computation},
  volume={44},
  pages={927--944},
  year={2019},
  publisher={Elsevier}
}
@article{picek2010comparison,
  title={{Comparison of a crossover operator in binary-coded genetic algorithms}},
  author={Picek, Stjepan and Golub, Marin},
  journal={WSEAS transactions on computers},
  volume={9},
  number={9},
  pages={1064--1073},
  year={2010},
  publisher={World Scientific and Engineering Academy and Society (WSEAS) Stevens Point~…}
}
@book{zhang2014equality,
  title={{Equality in education: Fairness and Inclusion}},
  author={Zhang, Hongzhi and Chan, Philip Wing Keung and Boyle, Christopher},
  year={2014},
  publisher={Springer}
}
@report{Quantita2020,
   abstract = {Diese Druckschrift wird im Rahmen der Öffentlichkeitsarbeit des Ministeriums für Schule und Bildung des Landes Nordrhein-Westfalen herausgegeben. Sie darf weder von Parteien noch von Wahlbewerberinnen und-bewerbern oder Wahlhelferinnen und Wahlhelfern während eines Wahlkampfes zum Zwecke der Wahlwerbung verwendet werden. Dies gilt für Landtags-, Bundestags-und Kommunalwahlen sowie für die Wahl der Mitglieder des Europäischen Parlaments. Missbräuchlich ist insbesondere die Verteilung auf Wahlveranstaltungen, an Informationsständen der Parteien sowie das Einlegen, Aufdrucken oder Aufkleben parteipolitischer Informationen oder Werbemittel. Untersagt ist gleichfalls die Weitergabe an Dritte zum Zwecke der Wahlwerbung. Eine Verwendung dieser Druckschrift durch Parteien oder sie unterstützende Organisationen ausschließlich zur Unterrichtung ihrer eigenen Mitglieder bleibt hiervon unberührt. Unabhängig davon, auf welchem Weg und in welcher Anzahl diese Schrift verteilt worden ist, darf sie auch ohne zeitlichen Bezug zu einer bevorstehenden Wahl nicht in einer Weise verwendet werden, die als Parteinahme der Landesregierung zu Gunsten einzelner Gruppen verstanden werden könnte. Trotz größter Sorgfalt kann keine Gewähr für die Richtigkeit aller Angaben übernommen werden. 2 MSB NRW Statistischë Ubersicht Nr. 413-Quantita Schuljahr 2020/21},
   author = {Ministerium für Schule und Bildung des Landes Nordrhein-Westfalen},
   title = {{Das Schulwesen in Nordrhein-Westfalen
aus quantitativer Sicht 2020/21 - Statistische Übersicht Nr. 413}},
   url = {www.schulministerium.nrw.de},
   year = {2021},
}
@report{Klassnebildung2020,
   author = {Sekretariat der Ständigen Konferenz der Kultusminister der Länder in der Bundesrepublik Deutschland},
   title = {{Vorgaben für die Klassenbildung 2020/2021}},
   year = {2020},
}
@article{bartz2014evolutionary,
  title={Evolutionary algorithms},
  author={Bartz-Beielstein, Thomas and Branke, J{\"u}rgen and Mehnen, J{\"o}rn and Mersmann, Olaf},
  journal={Wiley Interdisciplinary Reviews: Data Mining and Knowledge Discovery},
  volume={4},
  number={3},
  pages={178--195},
  year={2014},
  publisher={Wiley Online Library}
}
@article{ojha2019review,
  title={A review of multi-objective optimisation and decision making using evolutionary algorithms},
  author={Ojha, Muneendra and Singh, Krishna Pratap and Chakraborty, Pavan and Verma, Shekhar},
  journal={International Journal of Bio-Inspired Computation},
  volume={14},
  number={2},
  pages={69--84},
  year={2019},
  publisher={Inderscience Publishers (IEL)}
}

@article{burns2002class,
  title={Class composition and student achievement in elementary schools},
  author={Burns, Robert B and Mason, DeWayne A},
  journal={American Educational Research Journal},
  volume={39},
  number={1},
  pages={207--233},
  year={2002},
  publisher={Sage Publications}
}
@article{schneider2013school,
  title={School class composition and student development in cognitive and non-cognitive domains: longitudinal analyses of primary school students in Germany},
  author={Schneider, Thorsten},
  journal={Integration and inequality in educational institutions},
  pages={167--190},
  year={2013},
  publisher={Springer}
}
@article{hallinan1978classroom,
  title={Classroom effects on change in children's friendships},
  author={Hallinan, Maureen T and Tuma, Nancy Brandon},
  journal={Sociology of Education},
  pages={270--282},
  year={1978},
  publisher={JSTOR}
}
@article{zitzler2001spea2,
  title={SPEA2: Improving the Strength Pareto Evolutionary Algorithm},
  author={Zitzler, E},
  year={2001},
  journal={TIK Report},
}
