@misc{rp-online,
    author = {{
        Neuß-Grevenbroicher Zeitung}},
    year = {2016},
    title = {Eine der größten Grundschulen in NRW},
    note = {\url{https://rp-online.de/nrw/staedte/neuss/eine-der-groessten-grundschulen-in-nrw_aid-21453971}, Accessed on the [2024-10-25]}
}

@misc{gail,
    author = {Gail, Cornwall},
    year = {2020},
    title = {What the Research Says About the Academic Power of Friendship},
    publisher = {KQED},
    note = {\url{https://www.kqed.org/mindshift/56979/what-the-research-says-about-the-academic-power-of-friendship}, Accessed on the [2024-10-25]}
}