@misc{CitationKey,
    author = {},
    year = {},
    title = {},
    note = {\url{}, Accessed on the [date]}
}